%% This BibTeX bibliography file was created using BibDesk.
%% http://bibdesk.sourceforge.net/


%% Created for Tomas Zahradnicky at 2010-09-18 11:17:12 +0200 
%% Edited by Tomas Apeltauer at 2018-12-06 16:56:43 +0200

%% Saved with string encoding Unicode (UTF-8) 

@TECHREPORT{Donaldson:DenverAirportProblem,
	author = {Donaldson, A.J.M.},
	title = {A Case Narrative of the Project Problems with the Denver Airport Baggage Handling System},
	NUMBER = {TR 2002-01},
	INSTITUTION = {School of Computer Sciences, Middlesex University},
	ADDRESS = {London, England},
	month = {01},
	year = {2002},
	PAGES = {16},
	URL = {http://www.eis.mdx.ac.uk/research/SFC/Reports/TR2002-01.pdf},
}

@techreport{Fainekos:RobustnessFinite,
	author={Fainekos, Georgios E and Pappas, George J},
	title={Robustness of temporal logic specifications for finite state sequences in metric spaces},
	NUMBER = {MS-CIS-06-05},
	month = {05},
	year={2006},
	institution={Department of CIS, University of Pennsylvania}
}

@techreport{ISO26262,
	type = {Standard},
	key = {ISO 26262:2011},
	year = {2011},
	title = {Road vehicles–Functional Safety},
	volume = {2011},
	address = {Geneva, CH},
	institution = {International Organization for Standardization}
}

%-------------------------------------------BOOKS---------------------------------------------------------------

@book{Rajeev:PrinciplesCPS,
	author={Alur,Rajeev},
	year={2015},
	title={Principles of cyber-physical systems},
	publisher={The MIT Press},
	address={Cambridge, Massachusetts},
	keywords={informatika; kybernetika; Electronics & communications engineering; Automatic control; Embedded internet devices; Computer Engineering; COMPUTERS; Internet of things; System design; Formal methods (Computer science); Technology},
	isbn={9780262029117;0262029111;},
	language={English},
}

@book{Khan:IndustrialInformatics,
	author = {Khan, Mohammad Ayoub and Khan, Mohammad Ayoub and Ansari, Abdul Quaiyum},
	title = {Handbook of Research on Industrial Informatics and Manufacturing Intelligence: Innovations and Solutions},
	year = {2012},
	isbn = {1466602945, 9781466602946},
	edition = {1st},
	publisher = {IGI Global},
	address = {Hershey, PA, USA},
}

@book{Baier:ModelChecking,
	author = {Baier, Christel and Katoen, Joost-Pieter},
	title = {Principles of Model Checking (Representation and Mind Series)},
	year = {2008},
	isbn = {026202649X, 9780262026499},
	publisher = {The MIT Press},
} 

@book{Sommerville:SoftwareEngineering,
	author = {Sommerville, Ian},
	title = {Software Engineering},
	year = {2015},
	isbn = {0133943038, 9780133943030},
	edition = {10th},
	publisher = {Pearson},
}

@book{Leveson:SystemSafety,
	author = {Leveson, Nancy G.},
	title = {Safeware: System Safety and Computers},
	year = {1995},
	isbn = {0201119722},
	publisher = {Addison-Wesley Professional},
	address = {New York, NY, USA},
}

@book{Boehm:SoftwareRiskManagement,
	editor = {Boehm, Barry W.},
	title = {Software Risk Management},
	year = {1989},
	isbn = {0-8186-8906-4},
	publisher = {IEEE Press},
	address = {Piscataway, NJ, USA},
}

@book{Shaft:HybridDynamicalSystems,
	 title={An introduction to hybrid dynamical systems},
	author={Van Der Schaft, Arjan J and Schumacher, Johannes Maria},
	volume={251},
	year={2000},
	publisher={Springer London}
}

%-------------------------------------------ARTICLES---------------------------------------------------------------

@article{Leveson:Therac25,
	author = {Leveson, N. G. and Turner, C. S.},
	title = {An Investigation of the Therac-25 Accidents},
	journal = {Computer},
	issue_date = {July 1993},
	volume = {26},
	number = {7},
	month = jul,
	year = {1993},
	issn = {0018-9162},
	pages = {18--41},
	numpages = {24},
	url = {https://doi.org/10.1109/MC.1993.274940},
	doi = {10.1109/MC.1993.274940},
	acmid = {161479},
	publisher = {IEEE Computer Society Press},
	address = {Los Alamitos, CA, USA},
} 

@Article{Fan:Toyota,
	author="Fan, David and Geddes, David	and Flory, Felix",
	title="The Toyota Recall Crisis: Media Impact on Toyota's Corporate Brand Reputation",
	journal="Corporate Reputation Review",
	year="2013",
	month="Jun",
	day="01",
	volume="16",
	number="2",
	pages="99--117",
	issn="1479-1889",
	doi="10.1057/crr.2013.6",
	url="https://doi.org/10.1057/crr.2013.6"
}

@article{Koymans:MTL,
	author = {Koymans, Ron},
	title = {Specifying Real-time Properties with Metric Temporal Logic},
	journal = {Real-Time Syst.},
	issue_date = {Nov. 1990},
	volume = {2},
	number = {4},
	month = oct,
	year = {1990},
	issn = {0922-6443},
	pages = {255--299},
	numpages = {45},
	url = {http://dx.doi.org/10.1007/BF01995674},
	doi = {10.1007/BF01995674},
	acmid = {97831},
	publisher = {Kluwer Academic Publishers},
	address = {Norwell, MA, USA},
}

@article{Xu:Industry4.0,
	author = {Xu, L. D. and Xu, E. L. and Li, L.},
	title = {Industry 4.0: state of the art and future trends},
	year  = {2018},
	journal = {International Journal of Production Research},
	volume = {56},
	number = {8},
	pages = {2941-2962},
	url = {https://doi.org/10.1080/00207543.2018.1444806},
	doi = {10.1080/00207543.2018.1444806},
	publisher = {Taylor & Francis},
}

@article{Fainekos:MiningProperties,
	author = {Hoxha, Bardh and Dokhanchi, Adel and Fainekos, Georgios},
	title = {Mining Parametric Temporal Logic Properties in Model-based Design for Cyber-physical Systems},
	journal = {Int. J. Softw. Tools Technol. Transf.},
	issue_date = {February  2018},
	volume = {20},
	number = {1},
	month = feb,
	year = {2018},
	issn = {1433-2779},
	pages = {79--93},
	numpages = {15},
	url = {https://doi.org/10.1007/s10009-017-0447-4},
	doi = {10.1007/s10009-017-0447-4},
	acmid = {3184850},
	publisher = {Springer-Verlag},
	address = {Berlin, Heidelberg},
	keywords = {Cyber-physical systems, Metric Temporal Logic, Multiple parametric specification mining, Robustness, Signal Temporal Logic, Testing, Verification},
}

@ARTICLE{Xue:SmartGrids, 
	author={X. Yu and Y. Xue}, 
	journal={Proceedings of the IEEE}, 
	title={Smart Grids: A Cyber–Physical Systems Perspective}, 
	year={2016}, 
	volume={104}, 
	number={5}, 
	pages={1058-1070}, 
	doi={10.1109/JPROC.2015.2503119}, 
	ISSN={0018-9219}, 
	month={May},
	keywords={cyber-physical systems;power engineering computing;smart power grids;smart grids;cyber-physical systems;electric networks;Smart grids;Sensors;Computational modeling;Process control;Cyber-physical systems;Smart meters;Real-time systems;Big data;Renewable energy resources;Cloud computing;Big data;cloud computing;complex networks;control;cyber–physical systems;intelligent systems;modeling;multiagent systems;optimization;renewable energy;smart grid;Big data;cloud computing;complex networks;control;cyber–physical systems;intelligent systems;modeling;multiagent systems;optimization;renewable energy;smart grids},
}

@Article{Berlink:SmartHome,
	author={Berlink, Heider and Kagan, Nelson and Reali Costa, Anna Helena},
	title={Intelligent Decision-Making for Smart Home Energy Management},
	journal={Journal of Intelligent {\&} Robotic Systems},
	year={2015},
	month={Dec},
	day={01},
	volume={80},
	number={1},
	pages={331--354},
	issn={1573-0409},
	doi={10.1007/s10846-014-0169-8},
	url={https://doi.org/10.1007/s10846-014-0169-8}
}

@ARTICLE{Zhang:ArtificialLegs, 
	author={X. Zhang and Y. Liu and F. Zhang and J. Ren and Y. L. Sun and Q. Yang and H. Huang}, 
	journal={IEEE Transactions on Industrial Informatics}, 
	title={On Design and Implementation of Neural-Machine Interface for Artificial Legs}, 
	year={2012}, 
	volume={8}, 
	number={2}, 
	pages={418-429},
	doi={10.1109/TII.2011.2166770}, 
	ISSN={1551-3203}, 
	month={May},
	keywords={artificial limbs;control engineering computing;electromyography;embedded systems;graphics processing units;neurocontrollers;pattern classification;user interfaces;neural-machine interface;cyber-physical system;neural signals;electromyographic signals;control decisions;embedded computer},
}

@article{Mohalik:ModelCheckingSimulink,
	author = {Mohalik, Swarup and Gadkari, Ambar A. and Yeolekar, Anand and Shashidhar, K.C. and Ramesh, S.},
	title = {Automatic Test Case Generation from Simulink/Stateflow Models Using Model Checking},
	journal = {Softw. Test. Verif. Reliab.},
	issue_date = {March 2014},
	volume = {24},
	number = {2},
	month = mar,
	year = {2014},
	issn = {0960-0833},
	pages = {155--180},
	numpages = {26},
	url = {http://dx.doi.org/10.1002/stvr.1489},
	doi = {10.1002/stvr.1489},
	acmid = {2858030},
	publisher = {John Wiley and Sons Ltd.},
	address = {Chichester, UK},
	keywords = {Simulink/Stateflow, automatic test generation, model checking, model translation, model-based testing, test coverage},
}

@article{Fainekos:RobustnessContinuousTime,
	author = {Fainekos, Georgios E. and Pappas, George J.},
	title = {Robustness of Temporal Logic Specifications for Continuous-time Signals},
	journal = {Theor. Comput. Sci.},
	issue_date = {September, 2009},
	volume = {410},
	number = {42},
	month = sep,
	year = {2009},
	issn = {0304-3975},
	pages = {4262--4291},
	numpages = {30},
	url = {http://dx.doi.org/10.1016/j.tcs.2009.06.021},
	doi = {10.1016/j.tcs.2009.06.021},
	acmid = {1609591},
	publisher = {Elsevier Science Publishers Ltd.},
	address = {Essex, UK},
	keywords = {Linear and metric temporal logic, Metric spaces, Robustness, Testing},
}

@ARTICLE{Chilenski:MCDC, 
	author={J. J. Chilenski and S. P. Miller}, 
	journal={Software Engineering Journal}, 
	title={Applicability of modified condition/decision coverage to software testing}, 
	year={1994}, 
	volume={9}, 
	number={5}, 
	pages={193-200}, 
	doi={10.1049/sej.1994.0025}, 
	ISSN={0268-6961}, 
	month={Sept},
	keywords={program testing;program verification;real-time systems;safety;software reliability;modified condition/decision coverage;software testing;structural},
}

%-------------------------------------------IN PROCEEDINGS---------------------------------------------------------------

@INPROCEEDINGS{Fainekos:AntColonies, 
	author={Y. S. R. Annapureddy and G. E. Fainekos}, 
	booktitle={IECON 2010 - 36th Annual Conference on IEEE Industrial Electronics Society}, 
	title={Ant colonies for Temporal Logic falsification of hybrid systems}, 
	year={2010}, 
	volume={}, 
	number={}, 
	pages={91-96}, 
	doi={10.1109/IECON.2010.5675195}, 
	ISSN={1553-572X}, 
	month={Nov},
	keywords={Hermitian matrices;Monte Carlo methods;optimisation;polynomials;splines (mathematics);temporal logic;extended ant colony optimization;EACO},
}

@inproceedings{Lichtenstein:LogicOfPrograms,
	author = {Lichtenstein, Orna and Pnueli, Amir and Zuck, Lenore D.},
	title = {The Glory of the Past},
	booktitle = {Proceedings of the Conference on Logic of Programs},
	year = {1985},
	isbn = {3-540-15648-8},
	pages = {196--218},
	numpages = {23},
	url = {http://dl.acm.org/citation.cfm?id=648065.747612},
	acmid = {747612},
	publisher = {Springer-Verlag},
	address = {London, UK, UK},
}

@inproceedings{Koymans:RealTimeProgramming,
	author = {Koymans, Ron and Vytopil, Jan and de Roever, Willem P.},
	title = {Real-time Programming and Asynchronous Message Passing},
	booktitle = {Proceedings of the Second Annual ACM Symposium on Principles of Distributed Computing},
	series = {PODC '83},
	year = {1983},
	isbn = {0-89791-110-5},
	location = {Montreal, Quebec, Canada},
	pages = {187--197},
	numpages = {11},
	url = {http://doi.acm.org/10.1145/800221.806721},
	doi = {10.1145/800221.806721},
	acmid = {806721},
	publisher = {ACM},
	address = {New York, NY, USA},
}

@inproceedings{Ouaknine:MTLdecidability,
	author = {Ouaknine, Jo\"{e}l and Worrell, James},
	title = {On the Decidability of Metric Temporal Logic},
	booktitle = {Proceedings of the 20th Annual IEEE Symposium on Logic in Computer Science},
	series = {LICS '05},
	year = {2005},
	isbn = {0-7695-2266-1},
	pages = {188--197},
	numpages = {10},
	url = {https://doi.org/10.1109/LICS.2005.33},
	doi = {10.1109/LICS.2005.33},
	acmid = {1079694},
	publisher = {IEEE Computer Society},
	address = {Washington, DC, USA},
}

@inproceedings{Ouaknine:MTLfaulty,
	author = {Ouaknine, Jo\"{e}l and Worrell, James},
	title = {On Metric Temporal Logic and Faulty Turing Machines},
	booktitle = {Proceedings of the 9th European Joint Conference on Foundations of Software Science and Computation Structures},
	series = {FOSSACS'06},
	year = {2006},
	isbn = {3-540-33045-3, 978-3-540-33045-5},
	location = {Vienna, Austria},
	pages = {217--230},
	numpages = {14},
	url = {http://dx.doi.org/10.1007/11690634_15},
	doi = {10.1007/11690634_15},
	acmid = {2097186},
	publisher = {Springer-Verlag},
	address = {Berlin, Heidelberg},
}

@InProceedings{Fehnker:BenchmarksHybridSystems,
	author = {Fehnker, Ansgar and Ivan{\v{c}}i{\'{c}}, Franjo},
	editor = {Alur, Rajeev and Pappas, George J.},
	title = {Benchmarks for Hybrid Systems Verification},
	booktitle = {Hybrid Systems: Computation and Control},
	year = {2004},
	publisher = {Springer Berlin Heidelberg},
	address = {Berlin, Heidelberg},
	pages = {326--341},
	isbn = {978-3-540-24743-2}
}

@inproceedings{Maxey:AvionicStandardDO178B,
	author = {Maxey, Burke},
	title = {COTS Integration in Safety Critical Systems Using RTCA/DO-178B Guidelines},
	booktitle = {Proceedings of the Second International Conference on COTS-Based Software Systems},
	series = {ICCBSS '03},
	year = {2003},
	isbn = {3-540-00562-5},
	pages = {134--142},
	numpages = {9},
	url = {http://dl.acm.org/citation.cfm?id=646853.707894},
	acmid = {707894},
	publisher = {Springer-Verlag},
	address = {London, UK, UK},
}

@inproceedings{Rajeev:ModelsOfRealTime,
	author = {Alur, Rajeev and Henzinger, Thomas A.},
	title = {Logics and Models of Real Time: A Survey},
	booktitle = {Proceedings of the Real-Time: Theory in Practice, REX Workshop},
	year = {1992},
	isbn = {3-540-55564-1},
	pages = {74--106},
	numpages = {33},
	url = {http://dl.acm.org/citation.cfm?id=648143.749966},
	acmid = {749966},
	publisher = {Springer-Verlag},
	address = {Berlin, Heidelberg},
} 

@inproceedings{Ratschan:AutomaticAnalysisCPS,
	author = {Ratschan, Stefan},
	title = {Symbolic-numeric Problems in the Automatic Analysis and Verification of Cyber-physical Systems},
	booktitle = {Proceedings of the 2009 Conference on Symbolic Numeric Computation},
	series = {SNC '09},
	year = {2009},
	isbn = {978-1-60558-664-9},
	location = {Kyoto, Japan},
	pages = {7--8},
	numpages = {2},
	url = {http://doi.acm.org/10.1145/1577190.1577195},
	doi = {10.1145/1577190.1577195},
	acmid = {1577195},
	publisher = {ACM},
	address = {New York, NY, USA},
	keywords = {cyber-physical systems, hybrid systems},
} 

@inproceedings{Oehlerking:EMBS,
	author = {Thomas Strathmann and Jens Oehlerking},
	title = {Verifying Properties of an Electro-Mechanical Braking System},
	booktitle = {ARCH14-15. 1st and 2nd International Workshop on Applied veRification for Continuous and Hybrid Systems},
	editor = {Goran Frehse and Matthias Althoff},
	series = {EPiC Series in Computing},
	volume = {34},
	pages = {49--56},
	year = {2015},
	publisher = {EasyChair},
	bibsource = {EasyChair, https://easychair.org},
	issn = {2398-7340},
	url = {https://easychair.org/publications/paper/1ff2},
	doi = {10.29007/x87p}}

@INPROCEEDINGS{Fainekos:InsulinPump, 
	author={S. Sankaranarayanan and C. Miller and R. Raghunathan and H. Ravanbakhsh and G. Fainekos}, 
	booktitle={2012 50th Annual Allerton Conference on Communication, Control, and Computing (Allerton)}, 
	title={A model-based approach to synthesizing insulin infusion pump usage parameters for diabetic patients}, 
	year={2012}, 
	volume={}, 
	number={}, 
	pages={1610-1617},
	doi={10.1109/Allerton.2012.6483413}, 
	ISSN={}, 
	month={Oct},
	keywords={biomedical equipment;diseases;level control;minimisation;sugar;user interfaces;model-based approach;insulin infusion pump usage parameter synthesization;type-1 diabetic patients;varying meal scenarios;physiological conditions;blood glucose level control;insulin-to-carbohydrate ratios;correction factors;hypoglycemia;hyperglycemia;meal bolus calculation;insulin-glucose regulatory system;off-the-shelf global optimization techniques;parameter values;penalty function minimization;predicted glucose sensor readings;virtual population;Sugar;Insulin;Blood;Robustness;Measurement;Diabetes;Physiology}, 
}

@INPROCEEDINGS{Lee:DesignCPS,
	author = {E. A. Lee},
	booktitle = {2008 11th IEEE International Symposium on Object and Component-Oriented Real-Time Distributed Computing (ISORC)},
	title = {Cyber Physical Systems: Design Challenges},
	year = {2008},
	volume = {00},
	number = {},
	pages = {363-369},
	keywords={Cyber-physical systems; real time; embedded systems},
	doi = {10.1109/ISORC.2008.25},
	url = {doi.ieeecomputersociety.org/10.1109/ISORC.2008.25},
	ISSN = {},
	month={05}
}

@INPROCEEDINGS{Lee:MBD, 
	author={J. C. Jensen and D. H. Chang and E. A. Lee}, 
	booktitle={2011 7th International Wireless Communications and Mobile Computing Conference}, 
	title={A model-based design methodology for cyber-physical systems}, 
	year={2011}, 
	volume={}, 
	number={}, 
	pages={1666-1671}, 
	doi={10.1109/IWCMC.2011.5982785}, 
	ISSN={2376-6492}, 
	month={July},
	keywords={security of data;model-based design methodology;cyber-physical systems;software synthesis;software verification;Computational modeling;Mathematical model;Hardware;Trajectory;Software;Torque;Testing;model-based design;cyber-physical systems;embedded systems;LabVIEW;Ptolemy II}, 
}

@inproceedings{Fainekos:sTaLiRo,
	author = {Annapureddy, Yashwanth and Liu, Che and Fainekos, Georgios and Sankaranarayanan, Sriram},
	title = {S-taliro: A Tool for Temporal Logic Falsification for Hybrid Systems},
	booktitle = {Proceedings of the 17th International Conference on Tools and Algorithms for the Construction and Analysis of Systems: Part of the Joint European Conferences on Theory and Practice of Software},
	series = {TACAS'11/ETAPS'11},
	year = {2011},
	isbn = {978-3-642-19834-2},
	location = {Saarbr\&\#252;cken, Germany},
	pages = {254--257},
	numpages = {4},
	url = {http://dl.acm.org/citation.cfm?id=1987389.1987416},
	acmid = {1987416},
	publisher = {Springer-Verlag},
	address = {Berlin, Heidelberg},
}

@inproceedings{Fainekos:robustness,
	author = {Fainekos, Georgios E. and Pappas, George J.},
	title = {Robustness of Temporal Logic Specifications},
	booktitle = {Proceedings of the First Combined International Conference on Formal Approaches to Software Testing and Runtime Verification},
	series = {FATES'06/RV'06},
	year = {2006},
	isbn = {3-540-49699-8, 978-3-540-49699-1},
	location = {Seattle, WA},
	pages = {178--192},
	numpages = {15},
	url = {http://dx.doi.org/10.1007/11940197_12},
	doi = {10.1007/11940197_12},
	acmid = {2172688},
	publisher = {Springer-Verlag},
	address = {Berlin, Heidelberg},
	keywords = {metric and linear temporal logic, metric spaces, monitoring, robustness, timed state sequences},
}

@INPROCEEDINGS{Fainekos:testCaseGeneration, 
	author={C. E. Tuncali and S. Yaghoubi and T. P. Pavlic and G. Fainekos}, 
	title={Functional gradient descent optimization for automatic test case generation for vehicle controllers},
	booktitle={2017 13th IEEE Conference on Automation Science and Engineering (CASE)},  
	year={2017}, 
	volume={}, 
	number={}, 
	pages={1059--1064}, 
	doi={10.1109/COASE.2017.8256245}, 
	issn={2161-8089}, 
	month={Aug},
	keywords={adaptive control;collision avoidance;gradient methods;program testing;road vehicles;simulated annealing;high-fidelity models;long execution times;low-fidelity models;functional gradient descent optimization;vehicle controllers;hierarchical framework;full-range adaptive cruise control-with-collision avoidance;FRACC;Computational modeling;Optimization;Trajectory;System dynamics;Adaptation models;Testing;Safety},
}

@inproceedings{Florence:CPSspecification,
	author = {Muhammad Umer Tariq and Jacques Florence and Marilyn Wolf},
	editor = {Florian Noyrit and Susanne Graf and Iulia Dragomir},
	title = {Design Specification of Cyber-Physical Systems: Towards a Domain-Specific Modeling Language based on Simulink, Eclipse Modeling Framework, and Giotto},
	booktitle = {Proceedings of the 7th International Workshop on Model-based Architecting and Construction of Embedded Systems co-located with {ACM/IEEE} 17th International Conference on Model Driven Engineering Languages and Systems (MoDELS 2014)},
	series = {{CEUR} Workshop Proceedings},
	year = {2014},
	volume = {1250},
	pages = {6--15},
	url = {http://ceur-ws.org/Vol-1250/paper2.pdf},
	publisher = {CEUR-WS.org},
	address = {Valencia, Spain},
}

@inproceedings{Dalal:MBT,
	author = {Dalal, S. R. and Jain, A. and Karunanithi, N. and Leaton, J. M. and Lott, C. M. and Patton, G. C. and Horowitz, B. M.},
	title = {Model-based Testing in Practice},
	booktitle = {Proceedings of the 21st International Conference on Software Engineering},
	series = {ICSE '99},
	year = {1999},
	isbn = {1-58113-074-0},
	location = {Los Angeles, California, USA},
	pages = {285--294},
	numpages = {10},
	url = {http://doi.acm.org/10.1145/302405.302640},
	doi = {10.1145/302405.302640},
	acmid = {302640},
	publisher = {ACM},
	address = {New York, NY, USA},
	keywords = {AETG software system, automatic test generation, model-based testing},
}

@inproceedings{Ariane5:Failure,
	title={ARIANE 5 - Flight 501 Failure},
	booktitle={Inquiry Board repor}, 
	author={Inquiry Board},
	day={19},
	month={Jul},
	year={1996},
	url = {https://esamultimedia.esa.int/docs/esa-x-1819eng.pdf}
}