@misc{NSF:CPS:2017,
  title = {Cyber-Physical Systems NSF - National Science Foundation},
  howpublished = {https://www.nsf.gov/pubs/2017/nsf17529/nsf17529.pdf},
  note = {Accessed: 2018-01-20}
}

@article{LEE201518,
title = "A Cyber-Physical Systems architecture for Industry 4.0-based manufacturing systems",
journal = "Manufacturing Letters",
volume = "3",
pages = "18 - 23",
year = "2015",
issn = "2213-8463",
author = "Jay Lee and Behrad Bagheri and Hung-An Kao",
keywords = "Cyber-Physical System, Industry 4.0, Health management and prognostics, Time machine"
}

@article{Baheti:2011,
title = "Cyber-physical systems",
journal = "The impact of control technology",
volume = "12",
pages = "161-166",
year = "2011",
author = "Radhakisan Baheti and Helen Gill",
}

@inbook{Rajkumar:2010,
title = "Cyber-physical systems: The next computing revolution",
keywords = "Computer science, Cyber-physical systems, Engineering, Grand challenges, New frontiers",
author = "Ragunathan Rajkumar and Insup Lee and Lui Sha and John Stankovic",
year = "2010",
doi = "10.1145/1837274.1837461",
isbn = "9781450300025",
pages = "731--736",
booktitle = "Proceedings of the 47th Design Automation Conference, DAC '10",
}

@book{Alur:2015:PCS:2774947,
title = "Principles of Cyber-Physical Systems",
author = "Alur, Rajeev",
year = "2015",
isbn = "0262029111, 9780262029117",
publisher = "The MIT Press",
} 

@ARTICLE{Xue:2016, 
author="X. Yu and Y. Xue", 
journal="Proceedings of the IEEE", 
title="Smart Grids: A Cyber \#x2013;Physical Systems Perspective", 
year="2016", 
volume="104", 
number="5", 
pages="1058-1070",
ISSN="0018-9219", 
month="May",}

@INPROCEEDINGS{Lee:2008, 
author="E. A. Lee", 
booktitle="2008 11th IEEE International Symposium on Object and Component-Oriented Real-Time Distributed Computing (ISORC)", 
title="Cyber Physical Systems: Design Challenges", 
year="2008", 
pages="363-369", 
ISSN="1555-0885", 
month="May",}

@ARTICLE{Zhang:2012, 
author="X. Zhang and Y. Liu and F. Zhang and J. Ren and Y. L. Sun and Q. Yang and H. Huang", 
journal="IEEE Transactions on Industrial Informatics", 
title="On Design and Implementation of Neural-Machine Interface for Artificial Legs", 
year="2012", 
volume="8", 
number="2", 
pages="418-429", 
ISSN="1551-3203", 
month="May",}

@INPROCEEDINGS{Usenmez:2009, 
author="S. Usenmez and R. A. Dilan and M. Dolen and A. B. Koku", 
booktitle="2009 International Conference on Electrical Machines and Systems", 
title="Real-time hardware-in-the-loop simulation of electrical machine systems using FPGAs", 
year="2009", 
pages="1-6", 
month="Nov",}

@INPROCEEDINGS{Jensen:2011, 
author="J. C. Jensen and D. H. Chang and E. A. Lee", 
booktitle="2011 7th International Wireless Communications and Mobile Computing Conference", 
title="A model-based design methodology for cyber-physical systems", 
year="2011", 
pages="1666-1671", 
ISSN="2376-6492", 
month="July",}

@inproceedings{Oehlerking:2015,
  title="Verifying Properties of an Electro-Mechanical Braking System",
  author="Thomas Strathmann and Jens Oehlerking",
  booktitle="ARCH@CPSWeek",
  year="2015"
}

@article{FAINEKOS:2009,
title = "Robustness of temporal logic specifications for continuous-time signals",
journal = "Theoretical Computer Science",
volume = "410",
number = "42",
pages = "4262 - 4291",
year = "2009",
issn = "0304-3975",
doi = "https://doi.org/10.1016/j.tcs.2009.06.021",
author = "Georgios E. Fainekos and George J. Pappas",
keywords = "Linear and metric temporal logic, Robustness, Metric spaces, Testing"
}

@Article{Koymans:1990,
author="Koymans, Ron",
title="Specifying real-time properties with metric temporal logic",
journal="Real-Time Systems",
year="1990",
month="Nov",
day="01",
volume="2",
number="4",
pages="255--299",
issn="1573-1383",
doi="10.1007/BF01995674",
}

@ARTICLE{Kress-Gazi:2009, 
author="H. Kress-Gazit and G. E. Fainekos and G. J. Pappas", 
journal="IEEE Transactions on Robotics", 
title="Temporal-Logic-Based Reactive Mission and Motion Planning", 
year="2009", 
volume="25", 
number="6", 
pages="1370-1381", 
doi="10.1109/TRO.2009.2030225", 
ISSN="1552-3098", 
month="Dec",}

@inproceedings{Sankaranarayanan:2012,
 author = "Sankaranarayanan, Sriram and Fainekos, Georgios",
 title = "Falsification of Temporal Properties of Hybrid Systems Using the Cross-entropy Method",
 booktitle = "Proceedings of the 15th ACM International Conference on Hybrid Systems: Computation and Control",
 series = "HSCC '12",
 year = "2012",
 isbn = "978-1-4503-1220-2",
 location = "Beijing, China",
 pages = "125--134",
 numpages = "10",
 doi = "10.1145/2185632.2185653",
 acmid = "2185653",
 publisher = "ACM",
 address = "New York, NY, USA",
 keywords = "cross-entropy method, hybrid systems, metric temporal logic, monte-carlo simulation, robustness, testing",
} 

@book{gendreau:2010,
  title="Handbook of Metaheuristics",
  author="Gendreau, M. and Potvin, J.Y.",
  isbn="9781441916655",
  lccn="2010933095",
  series="International Series in Operations Research \& Management Science",
  year="2010",
  publisher="Springer US"
}

@masterthesis{Kacetl:2016,
  title="Mathematical Model of EV and its Validation at VTP Roztoky",
  author="Kacetl J.",
  year="2016",
  publisher="Czech Technical University in Prague. Computing and Information Centre."
}



@BOOK{kobltypo,
	title = "Praktick{\' a} typografie",
	author = "Pavel Ko{\v c}i{\v c}ka and Filip Bla{\v z}ek",
	publisher = "Brno: Computer Press",
	year = "2004"
}

@BOOK{rybicka,
	title = "LaTeX pro za\v c\'ate\v cn\'\i{}ky",
	author = "Ji{\v r}{\' i} Rybi{\v c}ka",
	isbn = "80-7302-049-1",
	publisher = "Brno: Konvoj",
	edition = "3"
}

@MANUAL{iso690,
	organization = "\'U\v rad pro technickou normalizaci, metrologii a st\'atn\'\i{} zku\v sebnictv\'\i{}",
	title = "\v CSN ISO 690 Informace a dokumentace -- Pravidla pro bibliografick\'e odkazy a citace informa\v cn\'\i{}ch zdroj{\r u}",
	year = "2011"
}
