@book{Rajeev:2015,
author={Alur,Rajeev},
year={2015},
title={Principles of cyber-physical systems},
publisher={The MIT Press},
address={Cambridge, Massachusetts},
keywords={informatika; kybernetika; Electronics & communications engineering; Automatic control; Embedded internet devices; Computer Engineering; COMPUTERS; Internet of things; System design; Formal methods (Computer science); Technology},
isbn={9780262029117;0262029111;},
language={English},
}

@misc{NSF:CPS:2016,
  title = {Cyber-Physical Systems NSF - National Science Foundation},
  howpublished = {\url{https://www.nsf.gov/funding/pgm\_summ.jsp?pims\_id=503286}},
  note = {Accessed: 2017-04-20}
}

@INPROCEEDINGS{Jensen:MBD:2011,
author={J. C. Jensen and D. H. Chang and E. A. Lee},
booktitle={2011 7th International Wireless Communications and Mobile Computing Conference},
title={A model-based design methodology for cyber-physical systems},
year={2011},
pages={1666-1671},
keywords={security of data;cyber-physical systems;model-based design methodology;software synthesis;software verification;Computational modeling;Hardware;Mathematical model;Software;Testing;Torque;Trajectory;LabVIEW;Ptolemy II;cyber-physical systems;embedded systems;model-based design},
doi={10.1109/IWCMC.2011.5982785},
ISSN={2376-6492},
month={July},}

@INPROCEEDINGS{Bringmann:MBT:2008,
author={E. Bringmann and A. Kr√§mer},
booktitle={2008 1st International Conference on Software Testing, Verification, and Validation},
title={Model-Based Testing of Automotive Systems},
year={2008},
pages={485-493},
keywords={automobile industry;program testing;quality assurance;software quality;Matlab/Simulink;automotive industry;automotive model-based development process;car manufacturer;car supplier;graphical test model;model-based software testing;production-vehicle development project;quality assurance;Assembly;Automatic testing;Automotive engineering;Embedded software;MATLAB;Mathematical model;Mechanical engineering;Quality assurance;Software tools;System testing;Model-based testing;automotive systems;closed loop testing;continuous behavior testing;test automation},
doi={10.1109/ICST.2008.45},
ISSN={2159-4848},
month={April},
}

@INPROCEEDINGS{Blackburn:1996, 
author={M. R. Blackburn and R. D. Busser}, 
booktitle={Computer Assurance, 1996. COMPASS '96, Systems Integrity. Software Safety. Process Security. Proceedings of the Eleventh Annual Conference on}, 
title={T-VEC: a tool for developing critical systems}, 
year={1996}, 
pages={237-249}, 
keywords={aircraft computers;computer aided software engineering;formal specification;program testing;project support environments;real-time systems;safety-critical software;software tools;T-VEC;analysis tools;automatic test generator;critical systems development tool;foundational concepts;industrial organization;integrated development environment;requirement-based automatic test vector generation;safety-critical avionics systems;specification acquisition;specification model;specification-based testing;test coverage analysis;test driver generation;test results analysis;testing strategies;Aerospace electronics;Aerospace engineering;Automatic testing;Certification;Character generation;FAA;Formal specifications;Qualifications;Software safety;System testing}, 
doi={10.1109/CMPASS.1996.507891}, 
month={Jun},}

@article{Sims:2007,
 author = {Sims, Steve and DuVarney, Daniel C.},
 title = {Experience Report: The Reactis Validation Tool},
 journal = {SIGPLAN Not.},
 issue_date = {September 2007},
 volume = {42},
 number = {9},
 month = oct,
 year = {2007},
 issn = {0362-1340},
 pages = {137--140},
 numpages = {4},
 url = {http://doi.acm.org/10.1145/1291220.1291172},
 doi = {10.1145/1291220.1291172},
 acmid = {1291172},
 publisher = {ACM},
 address = {New York, NY, USA},
 keywords = {SML, functional programming, reactis, standard ML},
}

@book{Schaft:HDS:2000,
  title={An Introduction to Hybrid Dynamical Systems},
  author={van der Schaft, A.J. and Schumacher, J.M.},
  isbn={9781852332334},
  lccn={99049518},
  year={2000},
  publisher={Springer},
  address={New York},
}

@Article{Dang:2009,
author="Dang, Thao
and Nahhal, Tarik",
title="Coverage-guided test generation for continuous and hybrid systems",
journal="Formal Methods in System Design",
year="2009",
volume="34",
number="2",
pages="183--213",
issn="1572-8102",
doi="10.1007/s10703-009-0066-0",
}

@book{Gendreau:2010,
author={Gendreau,Michel and Potvin,Jean-Yves},
year={2010},
title={Handbook of metaheuristics},
publisher={Springer},
address={New York},
volume={2},
keywords={informatika; heuristika; matematika},
isbn={1441916636;9781441916631;},
language={English},
}

@Article{Plaku:2013,
author="Plaku, Erion
and Kavraki, Lydia E.
and Vardi, Moshe Y.",
title="Falsification of LTL safety properties in hybrid systems",
journal="International Journal on Software Tools for Technology Transfer",
year="2013",
volume="15",
number="4",
pages="305--320",
issn="1433-2787",
doi="10.1007/s10009-012-0233-2",
}

@INPROCEEDINGS{Zutshi:2013,
author={A. Zutshi and S. Sankaranarayanan and J. V. Deshmukh and J. Kapinski},
booktitle={52nd IEEE Conference on Decision and Control},
title={A trajectory splicing approach to concretizing counterexamples for hybrid systems},
year={2013},
pages={3918-3925},
keywords={formal verification;optimisation;sampling methods;S-Taliro tool;falsification approach;flowpipe construction;formal verification techniques;hybrid systems;linear systems;local optimization;plausible abstract counterexamples indentification;property violations;robustness guided falsification approach;trajectory splicing approach;uniform random sampling;Automata;Concrete;Optimization;Robustness;Safety;Splicing;Trajectory},
doi={10.1109/CDC.2013.6760488},
ISSN={0191-2216},
month={Dec},
}

@Inbook{Ratschan:HS:2014,
author="Ku{\v{r}}{\'a}tko, Jan
and Ratschan, Stefan",
editor="Legay, Axel
and Bozga, Marius",
title="Combined Global and Local Search for the Falsification of Hybrid Systems",
bookTitle="Formal Modeling and Analysis of Timed Systems: 12th International Conference, FORMATS 2014, Florence, Italy, September 8-10, 2014. Proceedings",
year="2014",
publisher="Springer International Publishing",
address="Cham",
pages="146--160",
isbn="978-3-319-10512-3",
doi="10.1007/978-3-319-10512-3_11",
}
